@article{2012,
  author = {CMS/CERN},
  title = {{A New Boson with a Mass of 125 GeV Observed with the CMS Experiment at the Large Hadron Collider}},
  volume = {338},
  number = {6114},
  pages = {1569-1575},
  year = {2012},
  doi = {10.1126/science.1230816},
  eprint = {http://www.sciencemag.org/content/338/6114/1569.full.pdf},
  journal = {Science},
}


@article{Holstein_2009,
  doi = {10.1088/1742-6596/173/1/012019},
  url = {http://dx.doi.org/10.1088/1742-6596/173/1/012019},
  year = {2009},
  month = {jun},
  publisher = {{IOP} Publishing},
  volume = {173},
  pages = {012019},
  author = {Barry R Holstein},
  title = {{The mysterious disappearance of Ettore Majorana}},
  journal = {J. Phys.: Conf. Ser.},
}


@article{Vandamme_2014,
  doi = {10.4103/0975-7406.124301},
  url = {https://doi.org/10.4103%2F0975-7406.124301},
  year = {2014},
  publisher = {Medknow},
  volume = {6},
  number = {1},
  pages = {2},
  author = {ThierryF Vandamme},
  title = {{Use of rodents as models of human diseases}},
  journal = {Journal of Pharmacy and Bioallied Sciences},
}
